@string{LNCS = "LNCS"}
@string{TCS = "Theoretical Computer Science"}
@string{IComp = "Information and Computation"}
@string{ICont = "Information and Control"}
@string{JACM = "Journal of the ACM"}
@string{FI = "Fundamenta Informaticae"}
@string{MST = "Mathematical Systems Theory"}
@string{JCSS = "Journal of Computer and System Science"}
@string{MSCS = "Mathematical Structures in Computer Science"}
@string{TOPLAS = "ACM Trans.\ Program.\ Lang.\ Syst."}
@string{TIA = "Informatique Th\'{e}orique et Applications/Theoretical 
Informatics and Applications"}
@string{APAL = "Annals of Pure and Applied Logic"}
@string{TSE = "IEEE Transactions on Software Engineering"}
@string{AI = "Acta Informatica"}
@string{APCS = "Applied Categorical Structures"}
@string{SCP  = "Science of Computer Programming"}
@string{JPAA = "Journal of Pure and Applied Algebra"}
@string{CACM = "Communications of the ACM"}
@string{CTGD = "Cahiers de Topologie ed G\'eom\'etrie Diff\'erentielle"}
@string{CTGDC = "Cahiers de Topologie ed G\'eom\'etrie
		  Diff\'erentielle Cat\'egoriques"}
@string{LNM = "Lecture Notes in Mathematics"}
@string{ENTCS = "Electronic Notes in Theoretical Computer Science"}
@string{IJFCS = "International Journal of Foundations of Computer Science"}


@inproceedings{win2017,
  author    = {Marc de Visme and
               Glynn Winskel},
  title     = {Strategies with Parallel Causes},
  booktitle = {{CSL} 2017},
  pages     = {41:1--41:21},
  editor    = {Valentin Goranko and
               Mads Dam},
  series    = {LIPIcs},
  volume    = {82},
  publisher = {Schloss Dagstuhl - Leibniz-Zentrum fuer Informatik},
  year      = {2017}
}

@article{Mes92,
  author    = {J. Meseguer},
  title     = {Conditional Rewriting Logic as a Unified Model of Concurrency},
  journal   = TCS,
  volume    = {96},
  number    = {1},
  pages     = {73--155},
  year      = {1992}
}

@InCollection{JJL80,
  author = 	 {J.J. L\'evy},
  title = 	 {Optimal reductions in the lambda-calculus},
  booktitle = 	 {To H.B. Curry, Essays on Combinatory Logic, Lambda Calculus and Formalism},
  pages = 	 {159--191},
  year = 	 1980,
  editor = 	 {J.P. Seldin and J.R. Hindley},
  publisher =    {Academic Press},
}

@article{Winskel11,
  author    = {Glynn Winskel},
  title     = {Events, Causality and Symmetry},
  journal   = {Computer Journal},
  volume    = {54},
  number    = {1},
  pages     = {42--57},
  year      = {2011}
}

@inproceedings{BaldanGM06,
  author    = {P. Baldan and
               F. Gadducci and
               U. Montanari},
  title     = {Concurrent Rewriting for Graphs with Equivalences},
  booktitle = {{CONCUR} 2006},
  pages     = {279--294},
  year      = {2006},
  editor    = {C. Baier and
               H. Hermanns},
  series    = LNCS,
  volume    = {4137},
  publisher = {Springer}
}

@techreport{Win:ESSCCS,
  author = {Winskel, G.},
  title     = {Event Structure Semantics for {CCS} and Related Languages}, 
  institution = {University of Aarhus}, 
  year = {1983},
  number = {DAIMI PB-159}
}

@article{Dro:ESD,
 author    = {Droste, M.},
 title     = {Event structures and domains},
 journal   = TCS,
 volume    = {68},
 number    = {1},
 pages     = {37--47},
 year      = {1989}
}

@article{Gad07,
 author    = {Gadducci, F.},
 title     = {Graph rewriting and the $\pi$-calculus},
 journal   = {Mathematical Structures in Computer Science},
 volume    = {17},
 number    = {3},
 pages     = {1--31},
 year      = {2007}
}
@InCollection{Handbook,
  author = 	 {Baldan, P. and Corradini, A. and Ehrig, H. and L{\"o}we, M. and Montanari, U. and Rossi, F.},
  title = 	 {Concurrent Semantics of Algebraic Graph Transformation Systems},
  booktitle = 	 {Handbook of Graph Grammars and Computing by Graph Transformation},
  pages = 	 {107--187},
  year = 	 1999,
  editor = 	 {Rozenberg, G.},
  volume = 	 {III: Concurrency},
  publisher =    {World Scientific},
}

@article{Win:ECS,
  author    = {Winskel, G.},
  title     = {Events, Causality and Symmetry},
  journal   = "The Computer Journal",
  volume    = {54},
  number    = {1},
  year      = {2011},
  pages     = {42--57},
}

@inproceedings{CVY:ESSPE,
  author    = {Crafa, S. and
               Varacca, D. and
               Yoshida, N.},
  title     = {Event Structure Semantics of Parallel Extrusion in the $\pi$-Calculus},
  booktitle = {FoSSaCS 2012},
  year      = {2012},
  pages     = {225--239},
  editor    = {Birkedal, L.},
  publisher = {Springer},
  series    = LNCS,
  volume    = {7213},
}


@inproceedings{Win:ES,
   author =    {Winskel, G.},
   title =     {Event {S}tructures},
   booktitle = {Petri Nets: Applications and Relationships to Other Models of 
                Concurrency},
   year =      1987,
   volume =    255,
   pages =     {325--392},
   publisher = {Springer},
   series =    LNCS,
}

@article{NPW:PNES,
   author =  {Nielsen, M. and Plotkin, G. and Winskel, G.},
   title =   {Petri {N}ets, {E}vent {S}tructures and {D}omains, {P}art 1},
   journal = TCS,
   volume =  13,
   pages =   {85--108},
   year =    1981,
}

@phdthesis{Bal:PhD,
  keywords=      {thesis},
  author = 	 {Baldan, P.},
  title = 	 {Modelling concurrent computations: from contextual {Petri} nets to graph grammars}, 
  school = 	 {University of Pisa},
  year = 	 2000,
}

@article{DMM:AANCP,
   author =  {Degano, P. and Meseguer, J. and Montanari, U.},
   title =   {Axiomatizing the Algebra of Net Computations and Processes},
   journal = AI,
   volume =  33,
   number = 7,
   pages =   {641--647},
   year =    1996,
}

@inproceedings{CELMR:ESSG,
   author =    {Corradini, A. and Ehrig, H. and L\"{o}we, M. and Montanari, U. 
                and Rossi, F.},
   title =     {An Event Structure Semantics for Graph Grammars with 
                Parallel Productions},
   booktitle = {TAGT 1994},
   editor =    {Cuny, J. and Ehrig, H. and Engels, G. and Rozenberg, G.},
   volume =    1073,
   year =      1996,
   publisher = {Springer},
   series =    LNCS,
}

@article{CMR:GP,
   author =  {Corradini, A. and Montanari, U. and Rossi, F.},
   title =   {Graph Processes},
   journal = FI,
   year =    1996,
   volume =  26,
   number = {3/4},
   pages =   {241--265},
}

@incollection{CMREHL:AAGT,
   author =    {Corradini, A. and Montanari, U. and Rossi, F. and Ehrig, H. and 
                Heckel, R. and L\"{o}we, M.},
   title =     {Algebraic Approaches to Graph Transformation {I}: Basic 
                Concepts and Double Pushout Approach},
   publisher = {World Scientific},
   booktitle = {Handbook of Graph Grammars and Computing by Graph Transformation. Volume 1: Foundations.},
   editor =    {Rozenberg, G.},
   year =      1997,
}

@inproceedings{Ehr:TIAA,
   author =    {Ehrig, H.},
   title =     {Tutorial introduction to the algebraic approach of graph-grammars},
   editor =    {Ehrig, H. and Nagl, M. and Rozenberg, G. and Rosenfeld, A.},
   booktitle = {TAGT 1986},
   publisher = {Springer},
   series =    LNCS,
   volume =    291,
   year =      1987,
   pages =     {3--14},
}

@inproceedings{MW:DG,
   author =    {Maggiolo-Schettini, A. and Winkowski, J.},
   title =     {Dynamic Graphs},
   booktitle = {Proceedings of MFCS'96},
   series =    LNCS,
   volume =    1113,
   pages =     {431--442},
   year =      1996,
}

@inproceedings{Sch:RRSG,
   author =    {Schied, G.},
   title =     {On relating Rewriting Systems and Graph Grammars to
                Event Structures},
   pages =     {326--340},
   booktitle = {Dagstuhl Seminar 9301 on Graph Transformations
                in Computer Science},
   year =      1994,
   editor =    {Schneider, H.-J. and Ehrig, H.},
   volume =    776,
   publisher = {Springer},
   series =    LNCS,
}
@PhdThesis{Winskel:phd,
  author = 	 {Winskel, G.},
  title = 	 {Events in Computation},
  school = 	 {University of Edinburgh},
  year = 	 1980}


@article{KP:CD,
 author    = {Kahn, G. and Plotkin, G.D.},
 title     = {Concrete domains},
 journal   = TCS,
 volume    = {121},
 number    = {1},
 pages     = {187--277},
 year      = {1993},
 note      = {Based on~\cite{KP:CD-original}}
 }



@TechReport{KP:CD-original,
  author = 	 {Kahn, G. and Plotkin, G.D.},
  title = 	 {Domaines concretes},
  institution =  {INRIA Paris},
  year = 	 1978,
  number = {336}
}

@Book{GHKL:CLD,
  author = 	 {Gierz, G.  and
                  Hofmann, K. H. and
                  Keimel, K. and
                  Lawson, J. D. and
                  Mislove, M. and
                  Scott, D. S.},
  title = 	 {Continuous Lattices and Domains},
  publisher = 	 {Cambridge University Press},
  year = 	 2003,
  number = 	 93,
  series = 	 {Encyclopedia of Mathematics and its Applications}}

@inproceedings{PS:CSRA,
  author    = {Pichon{-}Pharabod, J. and
               Sewell, P.},
  title     = {A concurrency semantics for relaxed atomics that permits optimisation
               and avoids thin-air executions},
  booktitle = {{POPL} 2016},
  pages     = {622--633},
  year      = {2016},
  editor    = {Bod{\'{\i}}k, R. and
               Majumdar, R.},
  publisher = {{ACM}},
}

@inproceedings{BMM:ESSNC,
  author    = {Bruni, R. and
               Melgratti, H. C. and
               Montanari, U.},
  editor    = {C. Baier and
               H. Hermanns},
  title     = {Event Structure Semantics for Nominal Calculi},
  booktitle = {{CONCUR} 2006},
  series    = LNCS,
  volume    = {4137},
  pages     = {295--309},
  publisher = {Springer},
  year      = {2006}
}

@article{VY:TESLP,
  author    = {Varacca, D. and
               Yoshida, N.},
  title     = {Typed event structures and the linear pi-calculus},
  journal   = TCS,
  volume    = {411},
  number    = {19},
  pages     = {1949--1973},
  year      = {2010}
}

@inproceedings{DG:PMRES,
  author    = {Dumas, M. and
               Garc{\'{\i}}a{-}Ba{\~{n}}uelos, L.},
  editor    = {Raymond R. Devillers and
               Antti Valmari},
  title     = {Process Mining Reloaded: Event Structures as a Unified Representation
               of Process Models and Event Logs},
  booktitle = {Petri Nets 2015},
  series    = LNCS,
  volume    = 9115,
  pages     = {33--48},
  publisher = {Springer},
  year      = 2015
}

@inproceedings{JR:OTRES,
  author    = {Jeffrey, A. and
               Riely, J.},
  editor    = {Martin Grohe and
               Eric Koskinen and
               Natarajan Shankar},
  title     = {On Thin Air Reads: Towards an Event Structures Model of Relaxed Memory},
  booktitle = {LICS 2016},
  pages     = {759--767},
  publisher = {{ACM}},
  year      = {2016}
}

@article{GP:CSESPN,
  author    = {van Glabbeek, R.J. and
               Plotkin, G.D.},
  title     = {Configuration structures, event structures and {P}etri nets},
  journal   = TCS,
  volume    = {410},
  number    = {41},
  pages     = {4111--4159},
  year      = {2009}
}

@inproceedings{PUY:MBPE,
  author    = {Phillips, I. and
               Ulidowski, I. and
               Yuen, S.},
  editor    = {Gerhard W. Dueck and
               D. Michael Miller},               
  title     = {Modelling of Bonding with Processes and Events},
  booktitle = {RC 2013},
  series    = LNCS,
  volume    = 7948,
  pages     = {141--154},
  publisher = {Springer},
  year      = 2013
}


@article{BCG:DESF-tr,
  author    = {Baldan, P. and Corradini, A. and Gadducci, F.},
  title     = {Domains and Event Structures for Fusions},
  journal   = {CoRR},
  year      = 2017,
  note      = {Available also at \url{http://www.math.unipd.it/~baldan/Papers/Soft-copy-pdf/TR-FusionFull.pdf}}
}
  volume    = {arXiv:submit/1772826},


@article{Dro:CAD,
  author = 	 {Droste, Manfred},
  title = 	 {Concurrent automata and domains},
  journal = 	 IJFCS,
  year = 	 1992,
  volume = 	 3,
  number = 	 4,
  pages = 	 {398-418}
  }

@InCollection{DK:ACRS,
  author = 	 {Droste, Manfred and Kuske, Dietrich},
  title = 	 {Automata with concurrency relations -- a survey},
  booktitle = {LAPTEC 2002},
  year = 	 2002,
  editor = 	 {Abe, J. M. and {da Silva Filho}, J. I.},
  pages = 	 {152-172},
  publisher = {IOS Press}}

@article{Mel:habPub,
  author = 	 {Melli\`es, Paul-Andr\'e},
  title = 	 {A micrological study of negation},
  journal = {Annalsopf Pureand Applied Logic}	 ,
  year = 	 2017,
  volume = 	 168,
  pages = 	 {321-372}
  }

@Unpublished{Mel:hab,
  author = 	 {Melli\`es, Paul-Andr\'e},
  title = 	 {Une \'etude micrologique de la n\'egation},
  note = 	 {Habilitation \'a Diriger des Recherches}}

